@article{feldmancousin,
      author         = "Feldman, Gary J. and Cousins, Robert D.",
      title          = "{A Unified approach to the classical statistical analysis
                        of small signals}",
      journal        = "Phys.Rev.",
      volume         = "D57",
      pages          = "3873-3889",
      doi            = "10.1103/PhysRevD.57.3873",
      year           = "1998",
      eprint         = "physics/9711021",
      archivePrefix  = "arXiv",
      primaryClass   = "physics.data-an",
      reportNumber   = "HUTP-97-A096",
      SLACcitation   = "%%CITATION = PHYSICS/9711021;%%",                       
}

@article{augermassasym,
      author         = "Aab, Alexander and others",
      title          = "{Azimuthal Asymmetry in the Risetime of the Surface
                        Detector Signals of the Pierre Auger Observatory}",
      collaboration  = "Pierre Auger",
      journal        = "Phys. Rev.",
      volume         = "D93",
      year           = "2016",
      number         = "7",
      pages          = "072006",
      doi            = "10.1103/PhysRevD.93.072006",
      eprint         = "1604.00978",
      archivePrefix  = "arXiv",
      primaryClass   = "astro-ph.HE",
      reportNumber   = "FERMILAB-PUB-16-094-AD-AE-CD-TD",
      SLACcitation   = "%%CITATION = ARXIV:1604.00978;%%"
}

@article{augermassmpd,
      author         = "Aab, Alexander and others",
      title          = "{Muons in air showers at the Pierre Auger Observatory:
                        Measurement of atmospheric production depth}",
      collaboration  = "Pierre Auger",
      journal        = "Phys. Rev.",
      volume         = "D90",
      year           = "2014",
      number         = "1",
      pages          = "012012",
      doi            = "10.1103/PhysRevD.92.019903, 10.1103/PhysRevD.90.012012,
                        10.1103/PhysRevD.90.039904",
      note           = "[Erratum: Phys. Rev.D92,no.1,019903(2015)]",
      eprint         = "1407.5919",
      archivePrefix  = "arXiv",
      primaryClass   = "hep-ex",
      reportNumber   = "FERMILAB-PUB-14-246-AD-AE-CD-TD",
      SLACcitation   = "%%CITATION = ARXIV:1407.5919;%%"
}

@article{huegeradioreview,
      author         = "Huege, T.",
      title          = "{Radio detection of cosmic ray air showers in the digital
                        era}",
      journal        = "Phys. Rept.",
      volume         = "620",
      year           = "2016",
      pages          = "1-52",
      doi            = "10.1016/j.physrep.2016.02.001",
      eprint         = "1601.07426",
      archivePrefix  = "arXiv",
      primaryClass   = "astro-ph.IM",
      SLACcitation   = "%%CITATION = ARXIV:1601.07426;%%"
}


@article{Fukushima:2013yea,
      author         = "Fukushima, M.",
      title          = "{Measurement of Ultra-High Energy Cosmic Rays: An
                        Experimental Summary and Prospects}",
      journal        = "EPJ Web Conf.",
      volume         = "53",
      pages          = "02002",
      doi            = "10.1051/epjconf/20135302002",
      year           = "2013",
      eprint         = "1302.5893",
      archivePrefix  = "arXiv",
      primaryClass   = "astro-ph.HE",
      SLACcitation   = "%%CITATION = ARXIV:1302.5893;%%",                       
}

@article{allanreview,
      author         = "H.~R. Allan",
      journal        = "Prog. in Element. Part. and Cos. Ray Phys.",
      volume         = "10",
      pages          = "171",
      year           = "1971",
}

@article{jelley65,
      author         = "Jelley, J.~V. and Fruin, J.~H. and Porter, N.~A. and We\
ekes, F.~G. and Porter, R.~A.",
      journal        = "Nature",
      volume         = "205",
      pages          = "327",
      year           = "1965",
}

@article{Falcke:2005tc,
      author         = "Falcke, H. and others",
      title          = "{Detection and imaging of atmospheric radio flashes from
                        cosmic ray air showers}",
      collaboration  = "LOPES ",
      journal        = "Nature",
      volume         = "435",
      pages          = "313-316",
      doi            = "10.1038/nature03614",
      year           = "2005",
      eprint         = "astro-ph/0505383",
      archivePrefix  = "arXiv",
      primaryClass   = "astro-ph",
      SLACcitation   = "%%CITATION = ASTRO-PH/0505383;%%",                           
}

@article{Ardouin:2005xm,
      author         = "Ardouin, D. and Belletoile, A. and Charrier, D. and
                        Dallier, R. and Denis, L. and others",
      title          = "{Radio-detection signature of high-energy cosmic rays by
                        the CODALEMA experiment}",
      journal        = "Nucl.Instrum.Meth.",
      volume         = "A555",
      pages          = "148-163",
      doi            = "10.1016/j.nima.2005.08.096",
      year           = "2005",
      SLACcitation   = "%%CITATION = NUIMA,A555,148;%%",                             
}

@article{Revenu:2013ffa,
      author         = "Revenu, Benoît",
      title          = "{Overview of MHz air shower radio experiments and
                        results}",
      year           = "2013",
      eprint         = "1302.2733",
      archivePrefix  = "arXiv",
      primaryClass   = "astro-ph.HE",
      SLACcitation   = "%%CITATION = ARXIV:1302.2733;%%",                            
}


@article{augerradio,
      author         = "Aab, Alexander and others",
      title          = "{Probing the radio emission from air showers with
                        polarization measurements}",
      collaboration  = "Pierre Auger",
      journal        = "Phys.Rev.",
      number         = "5",
      volume         = "D89",
      pages          = "052002",
      doi            = "10.1103/PhysRevD.89.052002",
      year           = "2014",
      eprint         = "1402.3677",
      archivePrefix  = "arXiv",
      primaryClass   = "astro-ph.HE",
      reportNumber   = "FERMILAB-PUB-14-030-AD-AE-CD-TD",
      SLACcitation   = "%%CITATION = ARXIV:1402.3677;%%",
}

@article{gorham,
      author         = "Gorham, P.W. and Lehtinen, N.G. and Varner, G.S. and
                        Beatty, J.J. and Connolly, A. and others",
      title          = "{Observations of Microwave Continuum Emission from Air
                        Shower Plasmas}",
      journal        = "Phys.Rev.",
      volume         = "D78",
      pages          = "032007",
      doi            = "10.1103/PhysRevD.78.032007",
      year           = "2008",
      eprint         = "0705.2589",
      archivePrefix  = "arXiv",
      primaryClass   = "astro-ph",
      reportNumber   = "SLAC-PUB-14654",
      SLACcitation   = "%%CITATION = ARXIV:0705.2589;%%",                            
}


@article{amy,
      author         = "Alvarez-Muñiz, J. and others",
      title          = "{The Air Microwave Yield (AMY) experiment - A laboratory
                        measurement of the microwave emission from extensive air
                        showers}",
      booktitle      = "{Proceedings, 2013 European Physical Society Conference
                        on High Energy Physics (EPS-HEP 2013): Stockholm, Sweden,
                        July 18-24, 2013}",
      collaboration  = "AMY",
      journal        = "PoS",
      volume         = "EPS-HEP2013",
      year           = "2013",
      pages          = "026",
      eprint         = "1310.4662",
      archivePrefix  = "arXiv",
      primaryClass   = "astro-ph.IM",
      SLACcitation   = "%%CITATION = ARXIV:1310.4662;%%"
}

@inproceedings{maybe,
      author         = "Monasor, M. and others",
      title          = "{The Microwave Air Yield Beam Experiment (MAYBE):
                        Measurement of GHz radiation for Ultra-High Energy Cosmic
                        Rays detection}",
      booktitle      = "{Proceedings,32nd International Cosmic Ray Conference
                        (ICRC 2011): Beijing, China, August 11-18, 2011}",
      volume         = "3",
      year           = "2011",
      pages          = "196-199",
      doi            = "10.7529/ICRC2011/V03/0917",
      note           = "[3,196(2011)]",
      eprint         = "1108.6321",
      archivePrefix  = "arXiv",
      primaryClass   = "physics.ins-det",
      reportNumber   = "FERMILAB-CONF-11-574-E",
      SLACcitation   = "%%CITATION = ARXIV:1108.6321;%%"
}


@article{midas,
      author         = "Alvarez-Muñiz, J. and others",
      title = "{The MIDAS telescope for microwave detection of ultra-high energy cosmic rays}",
      journal = {Nuclear Instruments and Methods in Physics Research A},
      archivePrefix = "arXiv",
      eprint = {1208.2734},
      primaryClass = "astro-ph.IM",
      year = 2013,
      month = aug,
      volume = 719,
      pages = {70-80},
      doi = {10.1016/j.nima.2013.03.030}
}



@Comment author = {},
@Comment title = {sun data},
@Comment year = {},
@Comment month = jan,
@Comment @ONLINE{Doe:2009:Online,
@Comment author = {Doe, Ringo},
@Comment title = {This is a test entry of type {@ONLINE}},
@Comment month = jun,
@Comment year = {2009},
@Comment url = {http://www.test.org/doe/}
@Comment }

@article{augerdetector,
      author         = "Aab, Alexander and others",
      title          = "{The Pierre Auger Cosmic Ray Observatory}",
      collaboration  = "Pierre Auger",
      journal        = "Nucl. Instrum. Meth.",
      volume         = "A798",
      year           = "2015",
      pages          = "172-213",
      doi            = "10.1016/j.nima.2015.06.058",
      eprint         = "1502.01323",
      archivePrefix  = "arXiv",
      primaryClass   = "astro-ph.IM",
      reportNumber   = "FERMILAB-PUB-15-034-AD-AE-CD-TD",
      SLACcitation   = "%%CITATION = ARXIV:1502.01323;%%"
}


@book{otoshidanslacolle,
   Author    = {Tom Y. Otoshi},
   Title     = {``Noise Temperature Theory and Applications for Deep Space Communica\
tions Antenna Systems``},
   Publisher = {Artech House},
   Year      = {2008},
}


@article{crome,
      author         = "Smida, R. and others",
      title          = "{First results of the CROME experiment}",
      collaboration  = "CROME ",
      year           = "2011",
      eprint         = "1108.0588",
      archivePrefix  = "arXiv",
      primaryClass   = "hep-ex",
      SLACcitation   = "%%CITATION = ARXIV:1108.0588;%%",                            
}

@inproceedings{amber,
      key            = "1412742",
      author         = "Gaior, Romain",
      title          = "{Detection of cosmic rays using microwave radiation at the
                        Pierre Auger Observatory}",
      booktitle      = "{Proceedings, 33rd International Cosmic Ray Conference
                        (ICRC2013): Rio de Janeiro, Brazil, July 2-9, 2013}",
      pages          = "0883",
      SLACcitation   = "%%CITATION = INSPIRE-1412742;%%"
}


@article{imen2016,
      author         = "Al Samarai, Imen and Bérat, Corinne and Deligny, Olivier
                        and Letessier-Selvon, Antoine and Montanet, François and
                        Settimo, Mariangela and Stassi, Patrick",
      title          = "{Molecular Bremsstrahlung Radiation at GHz Frequencies in
                        Air}",
      journal        = "Phys. Rev.",
      volume         = "D93",
      year           = "2016",
      number         = "5",
      pages          = "052004",
      doi            = "10.1103/PhysRevD.93.052004",
      eprint         = "1601.00551",
      archivePrefix  = "arXiv",
      primaryClass   = "astro-ph.IM",
      SLACcitation   = "%%CITATION = ARXIV:1601.00551;%%"
}

@article{anita,
  title = {Observational constraints on ultra-high energy cosmic neutrino flux from \
the second flight of the ANITA experiment},
  author = {Gorham, P. W. and others},
  collaboration = {Anita },
  journal = {Phys. Rev. D},
  volume = {82},
  pages = {022004},
  numpages = {9},
  year = {2010},
}

@ARTICLE{huegeicrc2013,
   author = {{Huege}, T.},
    title = "{The Renaissance of Radio Detection of Cosmic Rays}",
  journal = {Brazilian Journal of Physics},
archivePrefix = "arXiv",
   eprint = {1310.6927},
 primaryClass = "astro-ph.IM",
 keywords = {Radio detection, Cosmic rays},
     year = 2014,
    month = oct,
   volume = 44,
    pages = {520-529},
      doi = {10.1007/s13538-014-0226-6},
   adsurl = {http://adsabs.harvard.edu/abs/2014BrJPh..44..520H},
  adsnote = {Provided by the SAO/NASA Astrophysics Data System}
}





@ONLINE{sundata,
url = {http://omniweb.gsfc.nasa.gov/form/dx1.html}
}
@ONLINE{sundata2,
url = {http://www.spaceweather.gc.ca/solarflux/sx-5-en.php}
}

@ONLINE{sunparam,
url = {http://www.spaceacademy.net.au/spacelink/solrfi/solrfi.htm}
}
@ONLINE{nobeyama,
url = {http://solar.nro.nao.ac.jp/norp/index.html}
}

@ONLINE{hfss,
url = {http://www.ansys.com/Products/Electronics/ANSYS-HFSS}
}

